@String(PAMI = {IEEE Trans. Pattern Anal. Mach. Intell.})
@String(IJCV = {Int. J. Comput. Vis.})
@String(CVPR= {IEEE Conf. Comput. Vis. Pattern Recog.})
@String(ICCV= {Int. Conf. Comput. Vis.})
@String(ECCV= {Eur. Conf. Comput. Vis.})
@String(NIPS= {Adv. Neural Inform. Process. Syst.})
@String(ICPR = {Int. Conf. Pattern Recog.})
@String(BMVC= {Brit. Mach. Vis. Conf.})
@String(TOG= {ACM Trans. Graph.})
@String(TIP  = {IEEE Trans. Image Process.})
@String(TVCG  = {IEEE Trans. Vis. Comput. Graph.})
@String(TMM  = {IEEE Trans. Multimedia})
@String(ACMMM= {ACM Int. Conf. Multimedia})
@String(ICME = {Int. Conf. Multimedia and Expo})
@String(ICASSP=	{ICASSP})
@String(ICIP = {IEEE Int. Conf. Image Process.})
@String(ACCV  = {ACCV})
@String(ICLR = {Int. Conf. Learn. Represent.})
@String(IJCAI = {IJCAI})
@String(PR   = {Pattern Recognition})
@String(AAAI = {AAAI})
@String(CVPRW= {IEEE Conf. Comput. Vis. Pattern Recog. Worksh.})
@String(CSVT = {IEEE Trans. Circuit Syst. Video Technol.})

@String(SPL	= {IEEE Sign. Process. Letters})
@String(VR   = {Vis. Res.})
@String(JOV	 = {J. Vis.})
@String(TVC  = {The Vis. Comput.})
@String(JCST  = {J. Comput. Sci. Tech.})
@String(CGF  = {Comput. Graph. Forum})
@String(CVM = {Computational Visual Media})


@String(PAMI  = {IEEE TPAMI})
@String(IJCV  = {IJCV})
@String(CVPR  = {CVPR})
@String(ICCV  = {ICCV})
@String(ECCV  = {ECCV})
@String(NIPS  = {NeurIPS})
@String(ICPR  = {ICPR})
@String(BMVC  =	{BMVC})
@String(TOG   = {ACM TOG})
@String(TIP   = {IEEE TIP})
@String(TVCG  = {IEEE TVCG})
@String(TCSVT = {IEEE TCSVT})
@String(TMM   =	{IEEE TMM})
@String(ACMMM = {ACM MM})
@String(ICME  =	{ICME})
@String(ICASSP=	{ICASSP})
@String(ICIP  = {ICIP})
@String(ACCV  = {ACCV})
@String(ICLR  = {ICLR})
@String(IJCAI = {IJCAI})
@String(PR = {PR})
@String(AAAI = {AAAI})
@String(CVPRW= {CVPRW})
@String(CSVT = {IEEE TCSVT})

@article{IMP1,
    author = {Adeyanju, Ibrahim and Bello, Oluwaseyi and Adegboye, Mutiu},
    year = {2021},
    month = {12},
    pages = {},
    title = {Machine learning methods for sign language recognition: A critical review and analysis},
    volume = {12},
    journal = {Intelligent Systems with Applications},
    doi = {10.1016/j.iswa.2021.200056}
}

@article{IMP2,
  author = {Mahesh Kumar N B},
  title = {Conversion of Sign Language into Text},
  journal = {International Journal of Applied Engineering Research},
  issn = {0973-4562},
  volume = {13},
  number = {9},
  pages = {7154-7161},
  year = {2018}
}
@ARTICLE{IMP3,
  author={Kudrinko, Karly and Flavin, Emile and Zhu, Xiaodan and Li, Qingguo},
  journal={IEEE Reviews in Biomedical Engineering}, 
  title={Wearable Sensor-Based Sign Language Recognition: A Comprehensive Review}, 
  year={2021},
  volume={14},
  number={},
  pages={82-97},
  doi={10.1109/RBME.2020.3019769}}

@article{C,
    author = {Ameen, Salem and Vadera, Sunil},
    year = {2017},
    month = {06},
    pages = {e12197},
    title = {A convolutional neural network to classify American Sign Language fingerspelling from depth and colour images},
    volume = {34},
    journal = {Expert Systems},
    doi = {10.1111/exsy.12197}
}
@inbook{ASL,
author = {Mueller, Vannesa},
year = {2013},
month = {01},
pages = {133-136},
title = {American Sign Language (ASL)},
doi = {10.1007/978-1-4419-1698-3_1654}
}

@inproceedings{SN1,
author = {Zhang, Xiangyu and Zhou, Xinyu and Lin, Mengxiao and Sun, Jian},
booktitle={2018 IEEE/CVF Conference on Computer Vision and Pattern Recognition (CVPR)},
year = {2018},
month = {06},
pages = {6848-6856},
title = {ShuffleNet: An Extremely Efficient Convolutional Neural Network for Mobile Devices},
doi = {10.1109/CVPR.2018.00716}
}

@INPROCEEDINGS{RN18,
  author={He, Kaiming and Zhang, Xiangyu and Ren, Shaoqing and Sun, Jian},
  booktitle={2016 IEEE Conference on Computer Vision and Pattern Recognition (CVPR)}, 
  title={Deep Residual Learning for Image Recognition}, 
  year={2016},
  volume={},
  number={},
  pages={770-778},
  doi={10.1109/CVPR.2016.90}}




@inproceedings{SN,
author = {Zhang, Xiangyu and Zhou, Xinyu and Lin, Mengxiao and Sun, Jian},
year = {2018},
month = {06},
pages = {6848-6856},
title = {ShuffleNet: An Extremely Efficient Convolutional Neural Network for Mobile Devices},
booktitle={2018 IEEE/CVF Conference on Computer Vision and Pattern Recognition (CVPR)},
doi = {10.1109/CVPR.2018.00716}
}

@article{M,
author = {Vujovic, Zeljko},
year = {2021},
month = {07},
pages = {599-606},
title = {Classification Model Evaluation Metrics},
volume = {Volume 12},
journal = {International Journal of Advanced Computer Science and Applications},
doi = {10.14569/IJACSA.2021.0120670}
}



@article{OA,
author = {Kingma, Diederik and Ba, Jimmy},
year = {2014},
month = {12},
pages = {},
title = {Adam: A Method for Stochastic Optimization},
journal = {International Conference on Learning Representations}
}


    
@misc{TV,
	title = {{torchvision.transforms â€” Torchvision master documentation}},
	note = "\url{https://pytorch.org/vision/0.9/transforms.html}",
}


@INPROCEEDINGS {MNV3,
author = {A. Howard and M. Sandler and B. Chen and W. Wang and L. Chen and M. Tan and G. Chu and V. Vasudevan and Y. Zhu and R. Pang and H. Adam and Q. Le},
booktitle = {2019 IEEE/CVF International Conference on Computer Vision (ICCV)},
title = {Searching for MobileNetV3},
year = {2019},
volume = {},
issn = {},
pages = {1314-1324},
doi = {10.1109/ICCV.2019.00140},
}

@inproceedings{SiO,
author = {Pugeault, Nicolas and Bowden, Richard},
year = {2011},
month = {11},
pages = {1114-1119},
title = {Spelling it out: Real-time ASL fingerspelling recognition},
journal = {Proceedings of the IEEE International Conference on Computer Vision},
doi = {10.1109/ICCVW.2011.6130290}
}



@misc{NIDCD,
  title = {National Institute of Deafness and Other Communicational Disorders},
  note = "\url{https://www.nidcd.nih.gov/}",
}

@misc{SLfN,
	month = {11},
	title = {{Sign Language for Numbers}},
	year = {2019},
	note = "\url{https://www.kaggle.com/datasets/muhammadkhalid/sign-language-for-numbers}",
}

@inproceedings{NNC,
author = {Albawi, Saad and Abed Mohammed, Tareq and ALZAWI, Saad},
year = {2017},
booktitle ={2017 International Conference on Engineering and Technology (ICET)},
month = {08},
pages = {},
title = {Understanding of a Convolutional Neural Network},
doi = {10.1109/ICEngTechnol.2017.8308186}
}

@misc{D1,
	month = {4},
	title = {{ASL Alphabet}},
	year = {2018},
	note = "\url{https://www.kaggle.com/datasets/grassknoted/asl-alphabet}",
}
@misc{D3,
	month = {12},
	title = {{ASL Fingerspelling Images (RGB & Depth)}},
	year = {2019},
	note = "\url{https://www.kaggle.com/datasets/mrgeislinger/asl-rgb-depth-fingerspelling-spelling-it-out}",
}
 @misc{D4,
	title={ASL Alphabet},
	url={https://www.kaggle.com/dsv/29550},
	DOI={10.34740/KAGGLE/DSV/29550},